% References for Mathematics Knowledge Graph Wiki
% This file contains bibliographic references for the project

@book{herstein1975topics,
  title={Topics in Algebra},
  author={Herstein, I.N.},
  year={1975},
  publisher={Wiley}
}

@book{munkres2000topology,
  title={Topology},
  author={Munkres, James R.},
  year={2000},
  publisher={Prentice Hall}
}

@book{rudin1976principles,
  title={Principles of Mathematical Analysis},
  author={Rudin, Walter},
  year={1976},
  publisher={McGraw-Hill}
}

@article{berners2001semantic,
  title={The Semantic Web},
  author={Berners-Lee, Tim and Hendler, James and Lassila, Ora},
  journal={Scientific American},
  volume={284},
  number={5},
  pages={34--43},
  year={2001}
}

@inproceedings{hogan2021knowledge,
  title={Knowledge Graphs},
  author={Hogan, Aidan and others},
  booktitle={ACM Computing Surveys},
  volume={54},
  number={4},
  pages={1--37},
  year={2021},
  publisher={ACM}
}